<?xml version="1.0" encoding="UTF-8"?><collection xmlns="http://www.loc.gov/MARC21/slim"><record><leader>00548nam--2200145-i-4500</leader><controlfield tag="001">000027560</controlfield><controlfield tag="002">20161230</controlfield><controlfield tag="005">20161230201036</controlfield><controlfield tag="008">060222s1000------------r-----000-0-eng-d</controlfield><datafield ind1=" " ind2=" " tag="080"><subfield code="a">621.38.049.4</subfield></datafield><datafield ind1=" " ind2=" " tag="100"><subfield code="a">Krahmer, Gerhard</subfield></datafield><datafield ind1=" " ind2=" " tag="245"><subfield code="a">Hochfrequenzkabel. ein zusammenfassender uberblick uber konstruktionselemente, elekrische eigenschaften und betriebsgrenzen (mit konstruktionsbeispielen) nach dem entwicklungsstand des jahres 1951</subfield></datafield><datafield ind1=" " ind2=" " tag="260"><subfield code="a">Berlin, Verlag Technik, 1952, 75p</subfield></datafield><datafield ind1=" " ind2=" " tag="490"><subfield code="a">Schriftenreihe Des Verlages Technik</subfield></datafield><datafield ind1=" " ind2=" " tag="852"><subfield code="a">11666</subfield></datafield></record></collection>